@misc{visiofarma,
  author = "\textbf{Visiofarma}",
  title = "{Aviso para sordos por señales de vibración y luces de colores}",
  howpublished = "\url{https://goo.gl/HinrdW}",
  note = "[29-01-2016]",
}

@misc{avisossordos,
  author = "\textbf{Valinsta Valencia}",
  title = "{Ayudas Técnicas para Sordos: Sistema de aviso luminoso}",
  howpublished = "\url{http://instatronica.blogspot.com.es/2012/09/pruebas.html}",
  note = "[29-01-2016]",
}

@misc{seguridadwifi,
  author = "\textbf{Castro, Rodrigo}",
  year = "2005",
  title = "{Avanzando en la seguridad de las redes WIFI}",
  howpublished = "\url{http://www.rediris.es/difusion/publicaciones/boletin/73/ENFOQUE1.pdf}",
  note = "[29-01-2016]",
}

@misc{metodelicitacion,
  author = "\textbf{Durán Toro, Amador y Bernárdez Jiménez, Beatriz}",
  year = "2002",
  title = "{Metodología para la Elicitación de Requisitos de Sistemas Software}",
  howpublished = "\url{http://www.infor.uva.es/~mlaguna/is1/materiales/metodologia_elicitacion.pdf}",
  note = "[29-01-2016]",
}

@misc{huesite,
  author = "\textbf{Philips}",
  title = "{Philips Hue - Página oficial}",
  howpublished = "\url{http://www2.meethue.com/es-ES}",
  note = "[29-01-2016]",
}

@misc{huestarterprice,
  author = "\textbf{Amazon}",
  title = "{Phillips Hue Starter Kit - Amazon}",
  howpublished = "\url{http://www.amazon.es/Philips-Hue-eficiencia-energ\%C3\%A9tica-a_plus_plus_plus/dp/B016H0R0EA}",
  note = "[29-01-2016]",
}

@misc{hueindividualprice,
  author = "\textbf{Amazon}",
  title = "{Phillips Hue Bombilla Individual - Amazon}",
  howpublished = "\url{http://www.amazon.es/Philips-Hue-8718696461730-individual-app-control/dp/B016151IW6}",
  note = "[29-01-2016]",
}

@misc{wemosite,
  author = "\textbf{Belkin}",
  title = "{Belkin WeMo - Página oficial}",
  howpublished = "\url{http://www.belkin.es/productos-el-hogar-conectado-domotica-wemo/}",
  note = "[29-01-2016]",
}

@misc{wemostarterprice,
  author = "\textbf{Belkin}",
  title = "{Belkin WeMo Starter Kit}",
  howpublished = "\url{http://www.belkin.es/f5z0489vfes-kit-basico-wemo-iluminacion-led.html}",
  note = "[29-01-2016]",
}

@misc{wemoindividualprice,
  author = "\textbf{Belkin}",
  title = "{Belkin WeMo Bombilla Individual}",
  howpublished = "\url{http://www.belkin.es/f7c033vfe27es-bombilla-wemo-smart-led.html}",
  note = "[29-01-2016]",
}

@misc{limitlessledsite,
  author = "\textbf{LimitlessLED}",
  title = "{LimitlessLED Smart-Light - Página oficial}",
  howpublished = "\url{http://www.limitlessled.com}",
  note = "[29-01-2016]",
}

@misc{limitlessledstarterprice,
  author = "\textbf{LimitlessLED}",
  title = "{LimitlessLED Starter Kit}",
  howpublished = "\url{http://www.limitlessled.com/shop/limitless-led-starter-kit}",
  note = "[29-01-2016]",
}

@misc{limitlessledindividualprice,
  author = "\textbf{LimitlessLED}",
  title = "{LimitlessLED Bombilla Individual}",
  howpublished = "\url{http://www.limitlessled.com/shop/rgbw-color-led-light-bulb}",
  note = "[29-01-2016]",
}

@misc{limitlessledpuenteprice,
  author = "\textbf{LimitlessLED}",
  title = "{LimitlessLED Puente WiFi}",
  howpublished = "\url{http://www.limitlessled.com/shop/wifi-udp-receiver-bridge}",
  note = "[29-01-2016]",
}

@article{hevner2004,
author = {\textbf{Houda Labiod, Houssam Afifi y Constantino de Santis}},
journal = {Springer},
title = {{Wi-Fi, Bluetooth, ZigBee and WiMax}},
year = {2007}
}

@misc{raspberrypidocs,
  author = "\textbf{Raspberry Pi Foundation}",
  title = "{Raspberry Pi Hardware - Raspberry Pi Documentation}",
  howpublished = "\url{https://www.raspberrypi.org/documentation/hardware/raspberrypi}",
  note = "[29-01-2016]",
}

@misc{raspberrypigpio,
  author = "\textbf{Raspberry Pi Foundation}",
  title = "{GPIO: Raspberry Pi models A and B - Raspberry Pi Documentation}",
  howpublished = "\url{https://www.raspberrypi.org/documentation/usage/gpio/}",
  note = "[29-01-2016]",
}

@misc{megaspecs,
  author = "\textbf{Arduino}",
  title = "{Arduino Mega Specifications}",
  howpublished = "\url{https://www.arduino.cc/en/Main/ArduinoBoardMega}",
  note = "[29-01-2016]",
}

@misc{memoryfreearduino,
  author = "\textbf{Arduino}",
  title = "{Arduino Playground - Available Memory}",
  howpublished = "\url{http://playground.arduino.cc/Code/AvailableMemory}",
  note = "[29-01-2016]",
}

@misc{memoryfreegit,
  author = "\textbf{Neil McNeight}",
  title = "{MemoryFree - GitHub}",
  howpublished = "\url{https://github.com/McNeight/MemoryFree}",
  note = "[29-01-2016]",
}

@misc{llamadatelefonillo,
  author = "\textbf{ALCAD Electronics}",
  title = "{Manual Técnico Sistemas Convencionales}",
  howpublished = "\url{http://www.alcad.net/uploads/publicaciones/catalogos/pdf/MANUAL\%20CONVENCIONAL.pdf}",
  note = "[29-01-2016]",
}

@misc{devandroid,
  author = "\textbf{Google Inc}",
  title = "{Android Developers}",
  howpublished = "\url{http://developer.android.com/intl/es/index.html}",
  note = "[29-01-2016]",
}

@misc{wiznetgit,
  author = "\textbf{Wiznet}",
  title = "{WIZnet Ethernet Library - GitHub}",
  howpublished = "\url{https://github.com/Wiznet/WIZ_Ethernet_Library}",
  note = "[29-01-2016]",
}

@misc{arduinojsongit,
  author = "\textbf{Benoît Blanchon}",
  title = "{ArduinoJson - GitHub}",
  howpublished = "\url{https://github.com/bblanchon/ArduinoJson}",
  note = "[29-01-2016]",
}

@misc{ajsongit,
  author = "\textbf{Interactive Matter}",
  title = "{aJson - GitHub}",
  howpublished = "\url{https://github.com/interactive-matter/aJson}",
  note = "[29-01-2016]",
}

@misc{restclientgit,
  author = "\textbf{Chris Continanza}",
  title = "{RestClient - GitHub}",
  howpublished = "\url{https://github.com/csquared/arduino-restclient}",
  note = "[29-01-2016]",
}

@misc{memoryleakarduino,
  author = "\textbf{Arduino}",
  title = "{Memory leak in WString / TextString Library? - Arduino Forum}",
  howpublished = "\url{http://forum.arduino.cc/index.php?topic=46753.0}",
  note = "[29-01-2016]",
}

@misc{howhueworks,
  author = "\textbf{Philips}",
  title = "{How Hue Works - Philips Hue API}",
  howpublished = "\url{http://www.developers.meethue.com/documentation/how-hue-works}",
  note = "[29-01-2016]",
}

@misc{presupuesto_raspberry,
  author = "\textbf{RS Components}",
  title = "{Raspberry Pi Type B - RS Online}",
  howpublished = "\url{http://es.rs-online.com/web/p/kits-de-desarrollo-de-procesador-y-microcontrolador/7568308}",
  note = "[29-01-2016]",
}

@misc{presupuesto_corriente_raspi,
  author = "\textbf{RS Components}",
  title = "{Conexión de fuente de alimentación - RS Online}",
  howpublished = "\url{http://es.rs-online.com/web/p/fuente-de-alimentacion-enchufable/8226373}",
  note = "[29-01-2016]",
}

@misc{presupuesto_rele12,
  author = "\textbf{RS Components}",
  title = "{Relé 40.31 12V - RS Online}",
  howpublished = "\url{http://es.rs-online.com/web/p/reles-sin-enclavamiento/7083131}",
  note = "[29-01-2016]",
}

@misc{presupuesto_rele240,
  author = "\textbf{RS Components}",
  title = "{Relé T92S7A12-240 240V - RS Online}",
  howpublished = "\url{http://es.rs-online.com/web/p/reles-sin-enclavamiento/7456031}",
  note = "[29-01-2016]",
}

@misc{presupuesto_terminal,
  author = "\textbf{RS Components}",
  title = "{Terminal para PCB - RS Online}",
  howpublished = "\url{http://es.rs-online.com/web/p/bloques-terminales-para-pcb/4258720}",
  note = "[29-01-2016]",
}

@misc{presupuesto_sd,
  author = "\textbf{RS Components}",
  title = "{Tarjeta SD 8GB - RS Online}",
  howpublished = "\url{http://es.rs-online.com/web/p/tarjetas-sd/8752692}",
  note = "[29-01-2016]",
}

@misc{presupuesto_rj45,
  author = "\textbf{RS Components}",
  title = "{Latiguillo de Ethernet Cat5e - RS Online}",
  howpublished = "\url{http://es.rs-online.com/web/p/latiguillos-cat5e/0557032}",
  note = "[29-01-2016]",
}

@misc{presupuesto_resistencia,
  author = "\textbf{RS Components}",
  title = "{Resistencia de 4,7K$\Omega$ - RS Online}",
  howpublished = "\url{http://es.rs-online.com/web/p/resistencias-fijas-de-orificio-pasante/0135904}",
  note = "[29-01-2016]",
}

@misc{presupuesto_arduino,
  author = "\textbf{RS Components}",
  title = "{Arduino Mega - RS Online}",
  howpublished = "\url{http://es.rs-online.com/web/p/kits-de-desarrollo-de-procesador-y-microcontrolador/7154084}",
  note = "[29-01-2016]",
}

@misc{presupuesto_arduino_shield,
  author = "\textbf{RS Components}",
  title = "{Arduino Ethernet Shield 2 - RS Online}",
  howpublished = "\url{http://es.rs-online.com/web/p/kits-de-desarrollo-de-procesador-y-microcontrolador/8732285}",
  note = "[29-01-2016]",
}

@misc{presupuesto_arduino_usb,
  author = "\textbf{RS Components}",
  title = "{Cable USB 1m A macho a B macho - RS Online}",
  howpublished = "\url{http://es.rs-online.com/web/p/latiguillos-usb/7587490}",
  note = "[29-01-2016]",
}

@misc{presupuesto_fuente12v,
  author = "\textbf{RS Components}",
  title = "{Fuente de alimentación 12 V - RS Online}",
  howpublished = "\url{http://es.rs-online.com/web/p/fuente-de-alimentacion-enchufable/7300234}",
  note = "[29-01-2016]",
}

@misc{presupuesto_timbre,
  author = "\textbf{RS Components}",
  title = "{Zumbador 12V - RS Online}",
  howpublished = "\url{http://es.rs-online.com/web/p/componentes-de-piezo-buzzer/2456528}",
  note = "[29-01-2016]",
}

%%8.1.2.2. pag 377
@article{cisco_ccna,
author = {\textbf{Cisco Networking Academy}},
journal = {Cisco Press},
title = {{Switched Networks Companion Guide}},
year = {2014}
}


@misc{raspberry_pinout,
  author = "\textbf{Gadgetoid}",
  title = "{Raspberry Pi Pinout}",
  howpublished = "\url{http://pinout.xyz/pinout/pin1_3v3_power}",
  note = "[29-01-2016]",
}

@misc{awg_table,
  author = "\textbf{Wikipedia}",
  title = "{Tables of AWG wire sizes - Wikipedia}",
  howpublished = "\url{https://en.wikipedia.org/wiki/American_wire_gauge#Tables_of_AWG_wire_sizes}",
  note = "[29-01-2016]",
}











